@inproceedings{oopsla15hu,
 author = {Hu, Yongjian and Azim, Tanzirul and Neamtiu, Iulian},
 title = {Versatile Yet Lightweight Record-and-replay for Android},
 booktitle = {Proceedings of the 2015 ACM SIGPLAN International Conference on Object-Oriented Programming, Systems, Languages, and Applications},
 series = {OOPSLA 2015},
 year = {2015},
 isbn = {978-1-4503-3689-5},
 location = {Pittsburgh, PA, USA},
 pages = {349--366},
 numpages = {18},
 url = {http://doi.acm.org/10.1145/2814270.2814320},
 doi = {10.1145/2814270.2814320},
 acmid = {2814320},
 publisher = {ACM},
 address = {New York, NY, USA},
 keywords = {App testing, Event-based races, Google Android, Mobile applications, Record-and-replay},
}

@inproceedings{osdi08musuvathi,
 author = {Musuvathi, Madanlal and Qadeer, Shaz and Ball, Thomas and Basler, Gerard and Nainar, Piramanayagam Arumuga and Neamtiu, Iulian},
 title = {Finding and Reproducing Heisenbugs in Concurrent Programs},
 booktitle = {Proceedings of the 8th USENIX Conference on Operating Systems Design and Implementation},
 series = {OSDI'08},
 year = {2008},
 location = {San Diego, California},
 pages = {267--280},
 numpages = {14},
 url = {http://dl.acm.org/citation.cfm?id=1855741.1855760},
 acmid = {1855760},
 publisher = {USENIX Association},
 address = {Berkeley, CA, USA},
} 

@inproceedings{ease15zhou,
 author = {Zhou, Bo and Neamtiu, Iulian and Gupta, Rajiv},
 title = {A Cross-platform Analysis of Bugs and Bug-fixing in Open Source Projects: Desktop vs. Android vs. IOS},
 booktitle = {Proceedings of the 19th International Conference on Evaluation and Assessment in Software Engineering},
 series = {EASE '15},
 year = {2015},
 isbn = {978-1-4503-3350-4},
 location = {Nanjing, China},
 pages = {7:1--7:10},
 articleno = {7},
 numpages = {10},
 url = {http://doi.acm.org/10.1145/2745802.2745808},
 doi = {10.1145/2745802.2745808},
 acmid = {2745808},
 publisher = {ACM},
 address = {New York, NY, USA},
} 

@inproceedings{icse13gomez,
 author = {Gomez, Lorenzo and Neamtiu, Iulian and Azim, Tanzirul and Millstein, Todd},
 title = {RERAN: Timing- and Touch-sensitive Record and Replay for Android},
 booktitle = {Proceedings of the 2013 International Conference on Software Engineering},
 series = {ICSE '13},
 year = {2013},
 isbn = {978-1-4673-3076-3},
 location = {San Francisco, CA, USA},
 pages = {72--81},
 numpages = {10},
 url = {http://dl.acm.org/citation.cfm?id=2486788.2486799},
 acmid = {2486799},
 publisher = {IEEE Press},
 address = {Piscataway, NJ, USA},
} 

@article{Lamport,
 author = {Lamport, Leslie},
 title = {Time, Clocks, and the Ordering of Events in a Distributed System},
 journal = {Commun. ACM},
 issue_date = {July 1978},
 volume = {21},
 number = {7},
 month = jul,
 year = {1978},
 issn = {0001-0782},
 pages = {558--565},
 numpages = {8},
 url = {http://doi.acm.org/10.1145/359545.359563},
 doi = {10.1145/359545.359563},
 acmid = {359563},
 publisher = {ACM},
 address = {New York, NY, USA},
 keywords = {clock synchronization, computer networks, distributed systems, multiprocess systems},
}

